03300000        2044802644000179000000357357969                         EMPRESA ESB EDI AUTOMACAO LTDASANTANDER                               118012024      001996040                                                                          
03300011R01  030 2044802644000179                    000000357357969     EMPRESA ESB EDI AUTOMACAO LTDA                                                                                0000000018012024                                         
0330001300001P 019696100035735710003573571  9876543210123111  9876543210123451702202412345678901231298711 12N180120243000000000000000000000000000000000000000000000000000000000000000000000000000009876543210987654321012345000200000           
0330001300002Q 012084438011000148PAYER NAME EMPRESA TECNOLOGIA SA UNIDATTTPAYER ADDRESS RUA FORMOSA 145 ESQ R T   PAYER NEIGHB JP10100123PAY CIT S PAULOSP0000000000000000                                        000000000000                   
03300015         000004                                                                                                                                                                                                                         
03399999         000001000006                                                                                                                                                                                                                   
