03300000        2044802644000179969610003573571     357357969           EMPRESA ESB EDI AUTOMACAO LTDASANTANDER                               218012024      001996040                                                                          
03300011T01  040 2044802644000179357357969           969610003573571     EMPRESA ESB EDI AUTOMACAO LTDA                                                                                0000000018012024                                         
0330001300001T 02969610003573571        9876543210123198765432101234517022024123456789012312000987109876543210987654321012345002084438011000148PAYER NAME EMPRESA TECNOLOGIA SA UNIDATTT0000000000000000000000000                                
0330001300002U 020000000000000000000000000000000000000000000000000000000000000000000000000000000000000000000000000000000000000000000000000000000000000000000000000000000000000000000                              000                           
03300015         00000400000100123456789012312000000000000000000000000000000000000000000000000000000000000000000000                                                                                                                             
03399999         000001000006                                                                                                                                                                                                                   
