03300000         244802644000179003345680000000033450456810000000051341 EMPRESA ESB EDI AUTOMACAO LTDASANTANDER                               21801202415432700124203000000                                                                     
03300011T01  030 20448026440001793345                0456810000000051341 EMPRESA ESB EDI AUTOMACAO LTDA                                                                                000000001801202400000000                                 
0330001300001T 0204568100000000513410123456798765432101231987654321012345170220241234567890123120009871509876543210987654321012345002084438011000148PAYER NAME EMPRESA TECNOLOGIA SA UNIDATTT0000000000000000000000000                           
0330001300002U 020000000000000000000000000000000000000000000000000000000000000000000000000000000000000000000000000000000000000000000000000000000000000000            000000000000000                              00000000000000000000000       
03300015         00000400000100123456789012312000000000000000000000000000000000000000000000000000000000000000000000                                                                                                                             
03399999         000001000006000000                                                                                                                                                                                                             
