03300000         244802644000179003345680000000033450456810000000051341 EMPRESA ESB EDI AUTOMACAO LTDASANTANDER                               11801202415431900124203000000                                                                     
03300011R01  030 20448026440001793345                0456810000000051341 EMPRESA ESB EDI AUTOMACAO LTDA                                                                                000000000000000000000000                                 
0330001300001P 010456810000000051341 9876543210123       111119876543210123451702202412345678901231298715 12N1801202430000000000000000000000000000000000000000000000000000000000000000000000000000098765432109876543210123450002   000000000000 
0330001300002Q 012084438011000148PAYER NAME EMPRESA TECNOLOGIA SA UNIDATTTPAYER ADDRESS RUA FORMOSA 145 ESQ R T   PAYER NEIGHB JP00000000PAY CIT S PAULOSP0000000000000000                                        000                            
03300015         00000400000100123456789012312000000000000000000000000000000000000000000000000000000000000000000000                                                                                                                             
03399999         000001000006000000                                                                                                                                                                                                             
