00100000         244802644000179987654321098765432101234559876543210127 EMPRESA ESB EDI AUTOMACAO LTDABANCO DO BRASIL S.A                     11801202415374100000110300000                                                                     
00100011R01  060 2044802644000179987654321098765432101234559876543210127 EMPRESA ESB EDI AUTOMACAO LTDA                                                                                000000000000000000000000                                 
0010001300001P 011234559876543210127                     10 11               1702202412345678901231298715 12N1801202430000000000000000000000000000000000000000000000000000000000000000000000000000098765432109876543210123450000   000000000000 
0010001300002Q 012084438011000148PAYER NAME EMPRESA TECNOLOGIA SA UNIDATTTPAYER ADDRESS RUA FORMOSA 145 ESQ R T   PAYER NEIGHB JP10100123PAY CIT S PAULOSP0000000000000000                                        000                            
00100015         00000400000100123456789012312000000000000000000000000000000000000000000000000000000000000000000000                                                                                                                             
00199999         000001000006000000                                                                                                                                                                                                             
