00100000         244802644000179987654321098765432101234559876543210127 EMPRESA ESB EDI AUTOMACAO LTDABANCO DO BRASIL S.A                     21801202415375700000110300000                                                                     
00100011T01  060 2044802644000179987654321098765432101234559876543210127 EMPRESA ESB EDI AUTOMACAO LTDA                                                                                000000000000000000000000                                 
0010001300001T 0212345598765432101270                    1               170220241234567890123120009871509876543210987654321012345002084438011000148PAYER NAME EMPRESA TECNOLOGIA SA UNIDATTT0000000000000000000000000                           
0010001300002U 020000000000000000000000000000000000000000000000000000000000000000000000000000000000000000000000000000000000000000000000000000000000000000            000000000000000                              00000000000000000000000       
00100015         00000400000100123456789012312000000000000000000000000000000000000000000000000000000000000000000000                                                                                                                             
00199999         000001000006000000                                                                                                                                                                                                             
